
%typen sind hier: https://en.wikibooks.org/wiki/LaTeX/Bibliography_Management#BibTeX

% use case media mix
@INPROCEEDINGS{9266735,
  author={Tapiceria, Regina Pia Krizzia M. and Roa, Yuan Therense Mari B. and Metrillo, Golden Kenneth A. and Young, Michael N.},
  booktitle={2020 7th International Conference on Frontiers of Industrial Engineering (ICFIE)}, 
  title={Application of Linear Programming in Optimizing Media Mix for Jollibee Food Corporations}, 
  year={2020},
  volume={},
  number={},
  pages={57-61},
  keywords={Media;Social networking (online);Linear programming;Advertising;TV;Business;Mathematical model;jollibee;advertisement;optimization;linear programming;maximization},
  doi={10.1109/ICFIE50845.2020.9266735}}

% werbeausgabe definition
@misc{statista_werbung,
  title        = {Werbung - Deutschland},
  year         = {n.d.},
  url          = {https://de.statista.com/outlook/amo/werbung/deutschland},
  note         = {Zugriff am 15. Dezember 2024}
}

% def PR
@Inbook{Büsching2014,
author="B{\"u}sching, Thilo
and Goderbauer-Marchner, Gabriele",
title="Klassische, Online- und Crossmedia-PR",
bookTitle="E-Publishing-Management",
year="2014",
publisher="Springer Fachmedien Wiesbaden",
address="Wiesbaden",
pages="207--216",
isbn="978-3-658-04110-6",
doi="10.1007/978-3-658-04110-6_15",
url="https://doi.org/10.1007/978-3-658-04110-6_15"
}



% definition media
@book{Kleinjohann2024,
  author    = {Michael Kleinjohann},
  title     = {Grundlagen der Werbung: Theorie – Markt – Ethik – Recht},
  publisher = {Springer Fachmedien Wiesbaden GmbH},
  year      = {2024},
  address   = {Wiesbaden, Deutschland},
  isbn      = {978-3-658-44075-6},
  isbn      = {978-3-658-44076-3},
  doi       = {10.1007/978-3-658-44076-3},
  note      = {Exklusiv lizenziert an Springer Fachmedien Wiesbaden GmbH, ein Teil von Springer Nature},
  url       = {https://doi.org/10.1007/978-3-658-44076-3},
  publishernote = {Die Deutsche Nationalbibliothek verzeichnet diese Publikation in der Deutschen Nationalbibliografie.}
}


% media einfluss
@misc{kantar_werbeempfaenglichkeit,
  author       = {Kantar},
  title        = {Entwicklung der Werbeempfänglichkeit von Verbrauchern nach Medienkanal in den Jahren 2012 und 2024 [Graph]},
  year         = {2024},
  month        = {September 4},
  howpublished = {In Statista},
  url          = {https://de.statista.com/statistik/daten/studie/1496419/umfrage/werbeempfaenglichkeit-von-verbrauchern-weltweit-nach-medienkanal/},
  note         = {Zugriff am 15. Dezember 2024}
}

% the element of statistical learning
@book{hastie2009elements,
  title     = {The Elements of Statistical Learning: Data Mining, Inference, and Prediction},
  author    = {Trevor Hastie and Robert Tibshirani and Jerome Friedman},
  series    = {Springer Series in Statistics},
  edition   = {Second Edition},
  year      = {2009},
  publisher = {Springer},
  note      = {Corrected 12th printing - Jan 13, 2017},
  isbn      = {978-0-387-84857-0}
}


%indirekt huber loss 
@article{indirekthuber,
    author = {Fan, Jianqing and Li, Quefeng and Wang, Yuyan},
    title = {Estimation of High Dimensional Mean Regression in the Absence of Symmetry and Light Tail Assumptions},
    journal = {Journal of the Royal Statistical Society Series B: Statistical Methodology},
    volume = {79},
    number = {1},
    pages = {247-265},
    year = {2016},
    month = {04},
    abstract = {Data subject to heavy-tailed errors are commonly encountered in various scientific fields. To address this problem, procedures based on quantile regression and least absolute deviation regression have been developed in recent years. These methods essentially estimate the conditional median (or quantile) function. They can be very different from the conditional mean functions, especially when distributions are asymmetric and heteroscedastic. How can we efficiently estimate the mean regression functions in ultrahigh dimensional settings with existence of only the second moment? To solve this problem, we propose a penalized Huber loss with diverging parameter to reduce biases created by the traditional Huber loss. Such a penalized robust approximate (RA) quadratic loss will be called the RA lasso. In the ultrahigh dimensional setting, where the dimensionality can grow exponentially with the sample size, our results reveal that the RA lasso estimator produces a consistent estimator at the same rate as the optimal rate under the light tail situation. We further study the computational convergence of the RA lasso and show that the composite gradient descent algorithm indeed produces a solution that admits the same optimal rate after sufficient iterations. As a by-product, we also establish the concentration inequality for estimating the population mean when there is only the second moment. We compare the RA lasso with other regularized robust estimators based on quantile regression and least absolute deviation regression. Extensive simulation studies demonstrate the satisfactory finite sample performance of the RA lasso.},
    issn = {1369-7412},
    doi = {10.1111/rssb.12166},
    url = {https://doi.org/10.1111/rssb.12166},
    eprint = {https://academic.oup.com/jrsssb/article-pdf/79/1/247/49226901/rssb12166-sup-0001-supinfo.pdf},
}

%einschränkungen regression
@book{james2013introduction,
  author       = {Gareth James and Daniela Witten and Trevor Hastie and Robert Tibshirani},
  title        = {An Introduction to Statistical Learning: With Applications in R},
  publisher    = {Springer Science+Business Media},
  address      = {New York, NY},
  year         = {2013},
  series       = {Springer Texts in Statistics},
  isbn         = {978-1-4614-7137-0},
  doi          = {10.1007/978-1-4614-7138-7},
  url          = {https://doi.org/10.1007/978-1-4614-7138-7},
  note         = {Printed on acid-free paper},
  keywords     = {Statistical Learning, Applications in R, Data Science, Machine Learning},
  issn         = {1431-875X},
  lccn         = {2013936251}
}


% huber papier
@article{huberpapier,
 ISSN = {00034851},
 URL = {http://www.jstor.org/stable/2238020},
 abstract = {This paper contains a new approach toward a theory of robust estimation; },
 author = {Peter J. Huber},
 journal = {The Annals of Mathematical Statistics},
 number = {1},
 pages = {73--101},
 publisher = {Institute of Mathematical Statistics},
 title = {Robust Estimation of a Location Parameter},
 urldate = {2024-12-20},
 volume = {35},
 year = {1964}
}

%huber statistics
@book{huber1981robust,
  author    = {Peter J. Huber},
  title     = {Robust Statistics},
  publisher = {John Wiley \& Sons},
  year      = {1981},
  address   = {New York, Chichester, Brisbane, Toronto, Singapore},
  isbn      = {0-471-41805-6},
  note      = {A Wiley-Interscience publication. Includes index.},
  copyright  = {Copyright \textcopyright\ 1981 by John Wiley \& Sons, Inc. All rights reserved. Published simultaneously in Canada. Reproduction or translation of any part of this work beyond that permitted by Sections 107 or 108 of the 1976 United States Copyright Act without the permission of the copyright owner is unlawful. Requests for permission or further information should be addressed to the Permissions Department, John Wiley \& Sons, Inc.},
  library   = {Library of Congress Cataloging in Publication Data: Huber, Peter J. Robust statistics. (Wiley series in probability and mathematical statistics) QA276.H785 519.5 80-18627}
}

% mehr robust statistic
@book{Maronna2019Robust,
  author    = {Ricardo A. Maronna and R. Douglas Martin and Victor J. Yohai and Matías Salibián-Barrera},
  title     = {Robust Statistics: Theory and Methods (with R)},
  publisher = {John Wiley \& Sons, Incorporated},
  year      = {2019},
  url       = {https://ebookcentral.proquest.com/lib/nordakademie/detail.action?docID=5568377},
  note      = {ProQuest Ebook Central}
}



%media jollibee food
@inproceedings{Tapiceria2020,
  author    = {Regina Pia Krizzia M. Tapiceria and Yuan Therense Mari B. Roa and Golden Kenneth A. Metrillo and Michael N. Young},
  title     = {Application of Linear Programming in Optimizing Media Mix for Jollibee Food Corporations},
  booktitle = {Proceedings of the 7th International Conference on Frontiers of Industrial Engineering},
  year      = {2020},
  publisher = {Mapua University},
  address   = {Intramuros Manila},
}

%regression 
@book{frick2021data,
  editor = {Detlev Frick and Andreas Gadatsch and Jens Kaufmann and Birgit Lankes and Christoph Quix and Andreas Schmidt and Uwe Schmitz},
  title = {Data Science: Konzepte, Erfahrungen, Fallstudien und Praxis},
  year = {2021},
  publisher = {Springer Vieweg},
  address = {Wiesbaden},
  isbn = {978-3-658-33402-4},
  doi = {10.1007/978-3-658-33403-1},
  note = {ISBN 978-3-658-33403-1 (eBook)},
  url = {https://doi.org/10.1007/978-3-658-33403-1}
}


%offline media oder so
@article{20190411492848,
  title = {Offline wirkt!},
  author = {Pimpl, Roland},
  year = {2019},
  date = {2019-04-11},
  keywords = {Software, Studie, Mediaplanung, Werbewirkung, Digitales Marketing},
  pages = {4},
  journal = {Horizont},
  subtitle = {Werbewirkung: In der Debatte um digital überhitzte Mediapläne zeigt Group M, dass Offline-Medien tatsächlich oft unterschätzt werden},
  issue = {15},
  issn = {0175-7989},
  url = {https://www.wiso-net.de/document/HOR__20190411492848},
  note = {powered by GENIOS}
}


% youtube übertrifft TV
@article{237097,
  title = {ANZEIGE. Analyse von Marketing-Mix-Modellen zeigt: YouTube ist ein Treiber für Effizienz und Effektivität im Marketing-Mix},
  year = {2022},
  date = {2022-08-25},
  journal = {www.textilwirtschaft.de},
  url = {https://www.wiso-net.de/document/TWNE__237097},
  note = {powered by GENIOS}
}


% media kanal youtube generali oder so 
@article{DasZusammenspielKundenloyalität2022,
  title = {Das Zusammenspiel von Kundenloyalität, E-Commerce Excellence und Omnikanal},
  year = {2022},
  date = {2022-12-05},
  journal = {AssCompact},
  volume = {12},
  pages = {112},
  url = {https://www.wiso-net.de/document/ASSC__122205033},
  note = {powered by GENIOS}
}

%mmm and descriptive analytics
@book{brown2024mastering,
  author    = {Iain Brown},
  title     = {Mastering Marketing Data Science: A Comprehensive Guide for Today's Marketers},
  year      = {2024},
  publisher = {John Wiley \& Sons, Incorporated},
  url       = {https://ebookcentral.proquest.com/lib/nordakademie/detail.action?docID=31309751},
  note      = {Accessed via ProQuest Ebook Central}
}


% mmm or something
@book{akinkunmi2018data,
  author    = {Akinkunmi, Mustapha},
  title     = {Data Mining and Market Intelligence: Implications for Decision Making},
  year      = {2018},
  publisher = {Springer International Publishing AG},
  url       = {https://ebookcentral.proquest.com/lib/nordakademie/detail.action?docID=5377969},
  note      = {Accessed via ProQuest Ebook Central}
}



% Herkunft und definition MMM
@INPROCEEDINGS{MMMdef,
  author={Gujar, Praveen and Paliwal, Gunjan and Panyam, Sriram and Kewalramani, Chhaya},
  booktitle={2024 IEEE Technology and Engineering Management Society (TEMSCON LATAM)}, 
  title={The Evolution of Ads Marketing Mix Modeling (MMM): From Regression Models to AI-Powered Planning for SMBs}, 
  year={2024},
  volume={},
  number={},
  pages={1-6},
  keywords={Adaptation models;Privacy;Automation;Navigation;Media;Planning;Resource management;Artificial intelligence;Optimization;Business;MMM;Digital Advertising;Advertisement Technology (AdTech);Artificial Intelligence;Budget Planning;SMBs;B2B;SaaS Platforms;Cloud},
  doi={10.1109/TEMSCONLATAM61834.2024.10717768}}

%Huber loss methode
@ARTICLE{huberloss,
  author={Ge, Jian and Li, Han and Wang, Hongpeng and Dong, Haobin and Liu, Huan and Wang, Wenjie and Yuan, Zhiwen and Zhu, Jun and Zhang, Haiyang},
  journal={IEEE Sensors Journal}, 
  title={Aeromagnetic Compensation Algorithm Robust to Outliers of Magnetic Sensor Based on Huber Loss Method}, 
  year={2019},
  volume={19},
  number={14},
  pages={5499-5505},
  keywords={Interference;Magnetic sensors;Robustness;Estimation;Aircraft;Calibration;Aeromagnetic compensation;robustness;ordinary least-squares;Huber loss method;goodness-of-fit},
  doi={10.1109/JSEN.2019.2907398}}


% descriptive analysis
@ARTICLE{1207445,
  author={Ferreira de Oliveira, M.C. and Levkowitz, H.},
  journal={IEEE Transactions on Visualization and Computer Graphics}, 
  title={From visual data exploration to visual data mining: a survey}, 
  year={2003},
  volume={9},
  number={3},
  pages={378-394},
  keywords={Data mining;Data visualization;Delta modulation;Terminology;Graphical models;Visual databases;Displays;Feedback;Cognitive science},
  doi={10.1109/TVCG.2003.1207445}}
